@inproceedings{ebrahimi2019,
  title = {A Continuous Time Dynamical System Approach for Solving Robust Optimization},
  author = {Ebrahimi, K. and Elia, N. and Vaidya, U.},
  booktitle = {19th European Control Conference (ECC), Naples, Italy},
  year = {2019}
}

@book{nagurney2012projected,
  title = {Projected Dynamical Systems and Variational Inequalities with Applications},
  author = {Nagurney, Anna and Zhang, Ding},
  volume = {2},
  year = {2012},
  publisher = {Springer Science \& Business Media}
}

@inproceedings{ebrahimi2019cdc,
  title = {Robust Optimization via Discrete-Time Saddle Point Algorithm},
  author = {Ebrahimi, K. and Elia, N. and Vaidya, U.},
  booktitle = {58th Conference on Decision and Control (CDC), Nice, France},
  year = {2019}
}

@book{bental2009,
  author = {Ben-Tal, A. and El Ghaoui, L. and Nemirovski, A.},
  title = {Robust Optimization},
  year = {2009},
  publisher = {Princeton University Press}
}

@article{bertsimas2011,
  author = {Bertsimas, D. and Brown, D. B. and Caramanis, C.},
  title = {Theory and Applications of Robust Optimization},
  journal = {SIAM Review},
  volume = {53},
  number = {3},
  pages = {464--501},
  year = {2011}
}

@inproceedings{ebrahimi2019continuous,
  title = {A Continuous Time Dynamical System Approach for Solving Robust Optimization},
  author = {Ebrahimi, Keivan and Elia, Nicola and Vaidya, Umesh},
  booktitle = {2019 18th European Control Conference (ECC)},
  pages = {1479--1485},
  year = {2019},
  organization = {IEEE}
}

@article{aigner2023,
  title = {Data-Driven Distributionally Robust Optimization over Time},
  author = {Aigner, Kevin-Martin and Bärmann, Andreas and Braun, Kristin and Liers, Frauke and Pokutta, Sebastian and Schneider, Oskar and Sharma, Kartikey and Tschuppik, Sebastian},
  journal = {INFORMS Journal on Optimization},
  volume = {5},
  number = {3},
  pages = {317--342},
  year = {2023},
  publisher = {INFORMS}
}


@article{zhu2023zeroth,
  title = {Zeroth-Order Optimization Meets Human Feedback: Provable Learning via Ranking Oracles},
  author = {Zhu, Zhiwei and Hu, Jingda and Majumdar, Arkadip and Tomlin, Claire and Caramanis, Constantine},
  journal = {arXiv preprint arXiv:2303.03751},
  year = {2023}
}

@article{yang2023,
  title = {Data-driven distributionally robust optimization under combined ambiguity for cracking production scheduling},
  author = {Yang, Ming and Wang, Feng and Huang, Dexian},
  journal = {Computers \& Chemical Engineering},
  volume = {180},
  pages = {108438},
  year = {2023},
  publisher = {Elsevier}
}

@article{maxminmax2024,
  title = {A Max-Min-Max Algorithm for Large-Scale Robust Optimization},
  author = {Tu, Kai and Chen, Zhi and Yue, Man-Chung},
  journal = {arXiv preprint arXiv:2404.07618},
  year = {2024}
}

@article{drago2024,
  title = {Drago: Primal-Dual Coupled Variance Reduction for Faster Distributionally Robust Optimization},
  author = {Mehta, Ronak and Diakonikolas, Jelena and Harchaoui, Zaid},
  journal = {arXiv preprint arXiv:2403.10763},
  year = {2024}
}

@article{timerescaling2023,
  title = {Time Rescaling of a Primal-Dual Dynamical System with Asymptotically Vanishing Damping},
  author = {Attouch, Hedy and Bot, Radu Ioan and Nguyen, Dang-Khoa},
  journal = {Applied Mathematics \& Optimization},
  volume = {88},
  number = {2},
  pages = {43},
  year = {2023},
  publisher = {Springer}
}

@article{pddamping2023,
  title = {Primal-Dual Damping algorithms for optimization},
  author = {Attouch, Hedy and Bot, Radu Ioan and Nguyen, Dang-Khoa},
  journal = {arXiv preprint arXiv:2304.14574},
  year = {2023}
}

@article{meanfield2023,
  title = {Stochastic programming with primal–dual dynamics: a mean-field game approach},
  author = {Carpentier, Pierre and Chancelier, Jean-Philippe and De Lara, Michel},
  journal = {Optimization Letters},
  volume = {17},
  pages = {2051--2073},
  year = {2023},
  publisher = {Springer}
}

@article{zoro2023,
  title = {Efficient Zero-Order Robust Optimization for Real-Time Model Predictive Control with acados},
  author = {Djeumou, Franck and Neary, Cyrus and Goyal, Kshitij and Topcu, Ufuk},
  journal = {arXiv preprint arXiv:2311.04557},
  year = {2023}
}

@article{onlineconvex2024,
  title = {Online convex optimization for robust control of constrained dynamical systems},
  author = {Nonhoff, Marko and Muller, Matthias A.},
  journal = {arXiv preprint arXiv:2401.04487},
  year = {2024}
}

@article{oscillator2024,
  title = {Combinatorial optimization using the Lagrange primal-dual dynamics of parametric oscillator networks},
  author = {Vadlamani, Sri Krishna and Xiao, Tianyi P. and Yablonovitch, Eli},
  journal = {Physical Review Applied},
  volume = {21},
  number = {4},
  pages = {044042},
  year = {2024},
  publisher = {APS}
}

@article{robusttodynamics2024,
  title = {Robust-to-Dynamics Optimization},
  author = {Ahmadi, Amir Ali and Gunluk, Oktay},
  journal = {Mathematics of Operations Research},
  year = {2024},
  publisher = {INFORMS}
}

@article{bacciotti2006nonpathological,
  title = {Nonpathological Lyapunov Functions and Discontinuous Carath{\'e}odory Systems},
  author = {Bacciotti, Andrea and Ceragioli, Francesca},
  journal = {Automatica},
  volume = {42},
  number = {3},
  pages = {453--458},
  year = {2006}
}

@article{soyster1973,
  author = {Soyster, A. L.},
  title = {Convex Programming with Set-Inclusive Constraints and Applications to Inexact Linear Programming},
  journal = {Operations Research},
  volume = {21},
  number = {5},
  pages = {1154--1157},
  year = {1973}
}

@book{arrow1958,
  author = {Arrow, K. and Hurwitz, L. and Uzawa, H.},
  title = {Studies in Linear and Non-linear Programming},
  year = {1958},
  publisher = {Stanford University Press}
}

@article{kose1956,
  author = {Kose, T.},
  title = {Solutions of Saddle Value Problems by Differential Equations},
  journal = {Econometrica},
  volume = {24},
  number = {1},
  pages = {59--70},
  year = {1956}
}

@book{bertsekas1989,
  author = {Bertsekas, D. P. and Tsitsiklis, J. N.},
  title = {Parallel and Distributed Computation: Numerical Methods},
  year = {1989},
  publisher = {Prentice-Hall}
}

@article{wang2011,
  author = {Wang, J. and Elia, N.},
  title = {A Control Perspective for Centralized and Distributed Convex Optimization},
  journal = {50th IEEE Conference on Decision and Control and European Control Conference, Orlando, FL},
  pages = {3800--3805},
  year = {2011}
}

@article{zhao2014,
  author = {Zhao, C. and Topcu, U. and Li, N. and Low, S.},
  title = {Design and Stability of Load-Side Primary Frequency Control in Power Systems},
  journal = {IEEE Transactions on Automatic Control},
  volume = {59},
  number = {5},
  pages = {1177--1189},
  year = {2014}
}

@article{tempo2019,
  author = {You, K. and Tempo, R. and Xie, P.},
  title = {Distributed Algorithms for Robust Convex Optimization via the Scenario Approach},
  journal = {IEEE Transactions on Automatic Control},
  volume = {64},
  number = {3},
  pages = {880--895},
  year = {2019}
}

@article{mallada2014,
  author = {Mallada, E. and Zhao, C. and Low, S.},
  title = {Optimal Load-Side Control for Frequency Regulation in Smart Grids},
  journal = {Allerton Conference on Communications, Control and Computing, Monticello, IL},
  pages = {731--738},
  year = {2014}
}

@article{zhang2014,
  author = {Zhang, X. and Papachristodoulou, A.},
  title = {Distributed Dynamic Feedback Control for Smart Power Networks with Tree Topology},
  journal = {American Control Conference, Portland, OR},
  pages = {1156--1161},
  year = {2014}
}

@article{ma2013,
  author = {Ma, X. and Elia, N.},
  title = {A Distributed Continuous-Time Gradient Dynamics Approach for the Active Power Loss Minimizations},
  journal = {Allerton Conference on Communications, Control and Computing, Monticello, IL},
  pages = {100--106},
  year = {2013}
}

@article{johnson1963,
  author = {Johnson, S. M.},
  title = {Generation of Permutations by Adjacent Transposition},
  journal = {Mathematics of Computation},
  volume = {17},
  pages = {282--285},
  year = {1963}
}

@article{bentalsiam,
  author = {Ben-Tal, A.},
  title = {Robust Solutions of Uncertain Quadratic and Conic-Quadratic Problems},
  journal = {SIAM Journal on Optimization},
  volume = {13},
  number = {2},
  pages = {535--560},
  year = {2006}
}

@article{sion1958,
  author = {Sion, M.},
  title = {On General Minimax Theorems},
  journal = {Pacific Journal of Mathematics},
  volume = {8},
  number = {1},
  pages = {171--176},
  year = {1958}
}

@article{komiya1988,
  author = {Komiya, H.},
  title = {Elementary Proof for Sion's Minimax Theorem},
  journal = {Kodai Mathematical Journal},
  volume = {11},
  number = {1},
  pages = {5--7},
  year = {1988}
}

@book{boyd2004,
  author = {Boyd, S. and Vandenberghe, L.},
  title = {Convex Optimization},
  year = {2004},
  publisher = {Cambridge University Press}
}

@book{zhou1995,
  author = {Zhou, K. and Doyle, J. and Glover, K.},
  title = {Robust and Optimal Control},
  year = {1995},
  publisher = {Prentice Hall, New Jersey}
}

@article{gorissen2015,
  author = {Gorissen, B. L. and Yanikoglu, I. and Hertog, D.},
  title = {A Practical Guide to Robust Optimization},
  journal = {Omega},
  volume = {53},
  pages = {124--137},
  year = {2015}
}

@article{rangavajhala2007,
  author = {Rangavajhala, S. and Mullur, A. and Messac, A.},
  title = {The Challenge of Equality Constraints in Robust Design Optimization: Examination and New Approach},
  journal = {Structural and Multidisciplinary Optimization},
  volume = {34},
  number = {5},
  pages = {381--401},
  year = {2007}
}

@article{bertsekas1982,
  author = {Bertsekas, D. P.},
  title = {Constrained Optimization and Lagrange Multiplier Methods},
  journal = {Academic Press},
  year = {1982}
}

@article{feijer2010,
  author = {Feijer, D. and Paganini, F.},
  title = {Stability of Primal-Dual Gradient Dynamics and Applications to Network Optimization},
  journal = {Automatica},
  volume = {46},
  number = {12},
  pages = {1974--1981},
  year = {2010}
}

@book{khalil2002,
  author = {Khalil, H. K.},
  title = {Nonlinear Systems},
  year = {2002},
  publisher = {Prentice Hall}
}

@article{chen2012,
  author = {Chen, J. and Lau, V. K. N.},
  title = {Convergence Analysis of Saddle Point Problems in Time Varying Wireless Systems—Control Theoretical Approach},
  journal = {IEEE Transactions on Signal Processing},
  volume = {60},
  number = {1},
  pages = {443--452},
  year = {2012}
}

@article{ferragut2014,
  author = {Ferragut, A. and Paganini, F.},
  title = {Network Resource Allocation for Users with Multiple Connections: Fairness and Stability},
  journal = {IEEE/ACM Transactions on Networking},
  volume = {22},
  number = {2},
  pages = {349--362},
  year = {2014}
}

@article{cherukuri2016,
  author = {Cherukuri, A. and Mallada, E. and Cortes, J.},
  title = {Asymptotic Convergence of Constrained Primal-Dual Dynamics},
  journal = {Systems and Control Letters},
  volume = {87},
  pages = {10--15},
  year = {2016}
}

@article{lygeros2003,
  author = {Lygeros, J. and Johansson, K. H. and Simic, S. and Zhang, J. and Sastry, S.},
  title = {Dynamical Properties of Hybrid Automata},
  journal = {IEEE Transactions on Automatic Control},
  volume = {48},
  number = {1},
  pages = {2--17},
  year = {2003}
}

@book{jacobson2009,
  author = {Jacobson, N.},
  title = {Basic Algebra I (2nd ed.)},
  year = {2009},
  publisher = {Dover}
}

@article{yang2014,
  author = {Yang, K. and Huang, J. and Wu, Y. and Wang, X. and Chiang, M.},
  title = {Distributed Robust Optimization, Part I: Framework and Example},
  journal = {Optimization and Engineering},
  volume = {15},
  number = {1},
  pages = {35--67},
  year = {2014}
}

@article{cherukuri2016_2,
  author = {Cherukuri, A. and Mallada, E. and Low, S. and Cortes, J.},
  title = {The Role of Strong Convexity-Concavity in the Convergence and Robustness of the Saddle-Point Dynamics},
  journal = {Allerton Conference on Communications, Control and Computing, Monticello, IL, USA},
  year = {2016}
}

@article{nedic2009,
  author = {Nedic, A. and Ozdaglar, A.},
  title = {Distributed Subgradient Methods for Multiagent Optimization},
  journal = {IEEE Transactions on Automatic Control},
  volume = {54},
  number = {1},
  pages = {48--61},
  year = {2009}
}

@article{boyd2011,
  author = {Boyd, S. and Parikh, E. and Peleato, B. and Eckstein, J.},
  title = {Distributed Optimization and Statistical Learning via the Alternating Direction Method of Multipliers},
  journal = {Foundations and Trends in Machine Learning},
  volume = {3},
  number = {1},
  pages = {1--122},
  year = {2011}
}


@article{bental2015,
  author = {Ben-Tal, A. and Hazan, E. and Koren, T. and Mannor, Sh.},
  title = {Oracle-Based Robust Optimization via Online Learning},
  journal = {Operations Research},
  volume = {63},
  number = {3},
  pages = {628--638},
  year = {2015}
}

@article{xu2009,
  author = {Xu, H. and Caramanis, C. and Mannor, S.},
  title = {Robustness and Regularization of Support Vector Machines},
  journal = {Journal of Machine Learning Research},
  volume = {10},
  pages = {1485--1510},
  year = {2009}
}

@article{xu2010,
  author = {Xu, H. and Caramanis, C. and Mannor, S.},
  title = {Robust Regression and Lasso},
  journal = {IEEE Transactions on Information Theory},
  volume = {56},
  number = {7},
  pages = {3561--3574},
  year = {2010}
}

@article{lanckriet2003,
  author = {Lanckriet, G. and Bhattacharyya, C. and Jordan, M.},
  title = {A Robust Minimax Approach to Classification},
  journal = {Journal of Machine Learning Research},
  volume = {3},
  pages = {555--582},
  year = {2003}
}

@article{bhattacharyya2004a,
  author = {Bhattacharyya, C. and Grate, L. and Jordan, M. and El Ghaoui, L. and Mian, I.},
  title = {Robust Sparse Hyperplane Classifiers: Application to Uncertain Molecular Profiling Data},
  journal = {Journal of Computational Biology},
  volume = {11},
  number = {6},
  pages = {1073--1089},
  year = {2004}
}

@article{bhattacharyya2004b,
  author = {Bhattacharyya, C. and Shivaswamy, P. and Smola, A.},
  title = {A Second Order Cone Programming Formulation for Classifying Missing Data},
  journal = {Advances in Neural Information Processing Systems},
  pages = {153--160},
  year = {2004}
}

@article{trafalis2007,
  author = {Trafalis, T. and Gilbert, R.},
  title = {Robust Support Vector Machines for Classification and Computational Issues},
  journal = {Optimization Methods and Software},
  volume = {22},
  number = {1},
  pages = {187--198},
  year = {2007}
}

@article{bental2012,
  author = {Ben-Tal, A. and Bhadra, S. and Bhattacharyya, C. and Nemirovski, A.},
  title = {Efficient Methods for Robust Classification under Uncertainty in Kernel Matrices},
  journal = {Journal of Machine Learning Research},
  volume = {13},
  number = {1},
  pages = {2923--2954},
  year = {2012}
}

@article{bental1999,
  author = {Ben-Tal, A. and Nemirovski, A.},
  title = {Robust Solutions of Uncertain Linear Programs},
  journal = {Operational Research Letters},
  volume = {25},
  number = {1},
  pages = {1--13},
  year = {1999}
}

@article{bental2002,
  author = {Ben-Tal, A. and Nemirovski, A. and Roos, C.},
  title = {Robust Solutions of Uncertain Quadratic and Conic-Quadratic Problems},
  journal = {Mathematical Operations Research},
  volume = {13},
  number = {2},
  pages = {535--560},
  year = {2002}
}

@article{bental1998,
  author = {Ben-Tal, A. and Nemirovski, A.},
  title = {Robust Convex Optimization},
  journal = {Mathematics of Operational Research},
  volume = {23},
  number = {4},
  pages = {769--805},
  year = {1998}
}

@article{calafiore2004,
  author = {Calafiore, G. and Campi, M. C.},
  title = {Uncertain Convex Programs: Randomized Solutions and Confidence Levels},
  journal = {Mathematical Programming},
  volume = {102},
  number = {1},
  pages = {25--46},
  year = {2004}
}

@article{bertsimas2003,
  author = {Bertsimas, D. and Sim, M.},
  title = {Robust Discrete Optimization and Network Flows},
  journal = {Mathematical Programming},
  volume = {98},
  number = {1--3},
  pages = {49--71},
  year = {2003}
}

@article{mutapcic2009,
  author = {Mutapcic, A. and Boyd, S.},
  title = {Cutting-Set Methods for Robust Convex Optimization with Pessimizing Oracles},
  journal = {Optimization Methods and Software},
  volume = {24},
  number = {3},
  pages = {381--406},
  year = {2009}
}

@article{bental20152,
  author = {Ben-Tal, A. and Hertog, D. and Vial, J. P.},
  title = {Deriving Robust Counterparts of Nonlinear Uncertain Inequalities},
  journal = {Mathematical Programming},
  volume = {149},
  number = {1},
  pages = {265--299},
  year = {2015}
}

@article{bental2013,
  author = {Ben-Tal, A. and Hertog, D. and De Waegenaere, A. and Melenberg, B. and Rennen, G.},
  title = {Robust Solutions of Optimization Problems Affected by Uncertain Probabilities},
  journal = {Management Science},
  volume = {59},
  number = {2},
  pages = {341--357},
  year = {2013}
}

@article{elia2010,
  author = {Wang, J. and Elia, N.},
  title = {Control Approach to Distributed Optimization},
  journal = {Allerton Conference on Communications, Control and Computing, Monticello, IL},
  pages = {557--561},
  year = {2010}
}

@article{chiang2007,
  author = {Chiang, M. and Low, S. H. and Calderbank, A. R. and Doyle, J. C.},
  title = {Layering as Optimization Decomposition: A Mathematical Theory of Network Architectures},
  journal = {Proceedings of the IEEE},
  volume = {95},
  number = {1},
  pages = {255--312},
  year = {2007}
}

@book{benvenuto2011,
  author = {Benvenuto, N. and Zorzi, M.},
  title = {Principles of Communications Networks and Systems},
  year = {2011},
  publisher = {Wiley}
}

@article{baran1964,
  author = {Baran, P.},
  title = {On Distributed Communications Networks},
  journal = {IEEE Transactions on Communications Systems},
  volume = {12},
  number = {1},
  pages = {1--9},
  year = {1964}
}

@book{burger2014,
  author = {Burger, M.},
  title = {Duality and Approximation Methods for Cooperative Optimization and Control},
  year = {2014},
  publisher = {Logos Verlag Berlin}
}

@article{lobel2011,
  author = {Lobel, I. and Ozdaglar, A. and Feijer, D.},
  title = {Distributed Multi-Agent Optimization with State-Dependent Communication},
  journal = {Mathematical Programming},
  volume = {129},
  pages = {255--284},
  year = {2011}
}

@article{duchi2012,
  author = {Duchi, J. C. and Agarwal, A. and Weinwright, M. J.},
  title = {Dual Averaging for Distributed Optimization: Convergence Analysis and Network Scaling},
  journal = {IEEE Transactions on Automatic Control},
  volume = {57},
  number = {3},
  year = {2011}
}

@article{ram2010,
  author = {Ram, S. S. and Nedic, A. and Veeravalli, V. V.},
  title = {Distributed Stochastic Subgradient Projection Algorithms for Convex Optimization},
  journal = {Journal of Optimization Theory and Applications},
  year = {2010}
}

@article{zhu2010,
  author = {Zhu, M. and Martinez, S.},
  title = {On Distributed Optimization under Inequality and Equality Constraints via Penalty Primal-Dual Methods},
  journal = {Proceedings of the American Control Conference},
  pages = {2434--2439},
  year = {2010}
}

@article{olfati2004,
  author = {Olfati-Saber, R. and Murray, R. M.},
  title = {Consensus Problems in Network of Agents with Switching Topology and Time-Delays},
  journal = {IEEE Transactions on Automatic Control},
  volume = {49},
  number = {9},
  pages = {1520--1533},
  year = {2004}
}

@article{paganini2001,
  author = {Paganini, F. and Doyle, J. and Low, S.},
  title = {Scalable Laws for Stable Network Congestion Control},
  journal = {Proceedings of the International Conference on Decision and Control, Orlando, FL},
  year = {2001}
}

@article{xie2017,
  author = {Xie, J. and Liu, Ch.},
  title = {Multi-Agent Systems and Their Applications},
  journal = {Journal of International Council on Electrical Engineering},
  volume = {7},
  year = {2017}
}

@mastersthesis{mclurkin1999,
  author = {McLurkin, J. D.},
  title = {Algorithms for Distributed Sensor Networks},
  school = {University of California at Berkeley},
  year = {1999}
}

@article{wang20172, 
  author = {Wang, J. and Jian, C. and Han, Z. and Ren, Y. and Maunder, R. G. and Hanzo, L.}, 
  title = {Taking Drones to the Next Level: Cooperative Distributed Unmanned-Aerial-Vehicular Networks for Small and Mini Drones}, 
  journal = {IEEE Vehicular Technology Magazine},
  volume = {12},
  number = {3},
  pages = {73--82},
  year = {2017}
}

@article{lorenzen2013,
  author = {Lorenzen, M. and Burger, M. and Notarstefano, G. and Allgower, F.},
  title = {A Distributed Solution to the Adjustable Robust Economic Dispatch Problem},
  journal = {IFAC Proceedings Volumes},
  volume = {46},
  year = {2013}
}

@book{haddad,
  author = {Haddad, W. M. and Chellaboina, V.},
  title = {Nonlinear Dynamical Systems and Control: A Lyapunov-Based Approach},
  year = {2008},
  publisher = {Princeton University Press}
}

@article{burger2012,
  author = {Burger, M. and Notarstefano, G. and Allgower, F.},
  title = {Distributed Robust Optimization via Cutting-Plane Consensus},
  journal = {IEEE 51st Annual Conference on Decision and Control},
  pages = {7457--7463},
  year = {2012}
}

@article{vapnik1995,
  author = {Cortes, C. and Vapnik, V.},
  title = {Support-Vector Networks},
  journal = {Machine Learning},
  volume = {20},
  number = {3},
  pages = {273--297},
  year = {1995}
}

@article{forero2010,
  author = {Forero, P. A. and Cano, A.},
  title = {Consensus-Based Distributed Support Vector Machines},
  journal = {Journal of Machine Learning Research},
  volume = {11},
  pages = {1663--1707},
  year = {2010}
}

@article{soyster1976,
  author = {Soyster, A. L.},
  title = {Convex Programming with Set-Inclusive Constraints and Applications to Inexact Linear Programming},
  journal = {Operations Research},
  volume = {21},
  pages = {1154--1157},
  year = {1973}
}

@article{falk1976,
  author = {Falk, J. E.},
  title = {Exact Solutions of Inexact Linear Programs},
  journal = {Operations Research},
  volume = {24},
  pages = {783--787},
  year = {1976}
}

@article{beyer2007,
  author = {Beyer, H. and Sendhoff, B.},
  title = {Robust Optimization: A Comprehensive Survey},
  journal = {Computer Methods in Applied Mechanics and Engineering},
  volume = {196},
  number = {33--34},
  pages = {3190--3218},
  year = {2007}
}

@article{gorissen20152,
  author = {Gorissen, B. L. and Hertog, D.},
  title = {Robust Nonlinear Optimization via the Dual},
  journal = {Optimization Online},
  year = {2015}
}

@article{bertsimas2014,
  author = {Bertsimas, D. and Lubin, M.},
  title = {Reformulations versus Cutting Planes for Robust Optimization: A Computational and Machine Learning Perspective},
  journal = {Optimization Online},
  year = {2014}
}

@article{gorissen2014,
  author = {Gorissen, B. L. and Blanc, H. and Hertog, D. and Ben-Tal, A.},
  title = {Technical Note: Deriving Robust and Globalized Robust Solutions of Uncertain Linear Programs with General Convex Uncertainty Sets},
  journal = {Operations Research},
  volume = {62},
  number = {3},
  pages = {672--679},
  year = {2014}
}

@article{bertsekas1997,
  author = {Bertsekas, D. P. and Tsitsiklis, N. J.},
  title = {Parallel and Distributed Computation: Numerical Methods},
  journal = {Athena Scientific},
  year = {1997}
}

@article{calafiore2010,
  author = {Calafiore, G. C.},
  title = {Random Convex Programs},
  journal = {SIAM Journal on Optimization},
  volume = {20},
  number = {6},
  pages = {3427--3464},
  year = {2010}
}

@article{low2002,
  author = {Low, S. H. and Paganini, F. and Doyle, J. C.},
  title = {Internet Congestion Control},
  journal = {IEEE Control Systems},
  volume = {22},
  number = {1},
  year = {2002}
}

@article{delagea2018,
  author = {Delagea, E. and Gianolib, L. G. and Sanso, B.},
  title = {A Practicable Robust Counterpart Formulation for Decomposable Functions: A Network Congestion Case Study},
  journal = {Operations Research},
  volume = {66},
  number = {2},
  year = {2018}
}

@article{nguyen2018,
  author = {Ho-Nguyen, N. and Karzan, F. K.},
  title = {Online First-Order Framework for Robust Convex Optimization},
  journal = {Operations Research},
  volume = {66},
  number = {6},
  year = {2018}
}

"""
@article{bhat2003,
  author = {Bhat, S. P. and Bernstein, D. S.},
  title = {Nontangency-Based Lyapunov Tests for Convergence and Stability in Systems Having a Continuum of Equilibria},
  journal = {SIAM Journal on Control and Optimization},
  volume = {42},
  number = {5},
  pages = {1745--1775},
  year = {2003}
}

@book{wheeden1997,
  author = {Wheeden, R. and Zygmund, A.},
  title = {Measure and Integral: An Introduction to Real Analysis},
  year = {1977},
  publisher = {CRC Press}
}

@inproceedings{sinha2018,
  title = {Certifiable Distributional Robustness with Principled Adversarial Training},
  author = {Sinha, A. and Namkoong, H. and Duchi, J.},
  booktitle = {International Conference on Learning Representations},
  year = {2018}
}

@article{namkoong2016,
  author = {Namkoong, H. and Duchi, J. C.},
  title = {Stochastic Gradient Methods for Distributionally Robust Optimization with f-divergences},
  journal = {Advances in Neural Information Processing Systems},
  volume = {29},
  year = {2016}
}

@article{esfandiari2019,
  author = {Esfandiari, Y. and Ebrahimi, K. and Balu, A. and Elia, N. and Vaidya, U. and Sarkar, S.},
  title = {A Saddle-Point Dynamical System Approach for Robust Deep Learning},
  journal = {arXiv preprint arXiv:1910.08623},
  year = {2019}
}

@article{zeng2018,
  author = {Zeng, X. and Yi, P. and Hong, Y.},
  title = {Distributed Algorithm for Robust Resource Allocation with Polyhedral Uncertain Allocation Parameters},
  journal = {Journal of Systems Science and Complexity},
  volume = {31},
  year = {2018}
}

@article{cherukuri2017,
  author = {Cherukuri, A. and Gharesifard, B. and Cortes, J.},
  title = {Saddle-Point Dynamics: Conditions for Asymptotic Stability of Saddle Points},
  journal = {SIAM Journal on Control and Optimization},
  volume = {55},
  number = {1},
  pages = {486--511},
  year = {2017}
}

@article{jeyakumar2010,
  author = {Jeyakumar, V. and Li, G. Y.},
  title = {Strong Duality in Robust Convex Programming: Complete Characterizations},
  journal = {SIAM Journal on Optimization},
  volume = {20},
  number = {6},
  pages = {3384--3407},
  year = {2010}
}

@article{houska2010,
  author = {Houska, B. and Diehl, M.},
  title = {Nonlinear Robust Optimization via Sequential Convex Bi-Level Programming},
  journal = {Mathematical Programming},
  year = {2010}
}

@article{bental2009-2,
  author = {Ben-Tal, A. and Beck, A.},
  title = {Duality in Robust Optimization: Primal Worst Equals Dual Best},
  journal = {Operations Research Letters},
  year = {2009}
}

@article{stein2000,
  author = {Stein, O. and Still, G.},
  title = {On Optimality Conditions for Generalized Semi-Infinite Programming Problems},
  journal = {Journal of Optimization Theory and Applications},
  volume = {104},
  number = {2},
  pages = {443--458},
  year = {2000}
}

@article{stein2003,
  author = {Stein, O. and Still, G.},
  title = {Solving Semi-Infinite Optimization Problems with Interior Point Techniques},
  journal = {SIAM Journal on Control and Optimization},
  volume = {42},
  number = {3},
  pages = {769--788},
  year = {2003}
}

@article{robinson1976,
  author = {Robinson, S. M.},
  title = {Strongly Regular Generalized Equations},
  journal = {SIAM Journal on Applied Mathematics},
  volume = {30},
  number = {4},
  pages = {597--607},
  year = {1976}
}

@article{robinson1980,
  author = {Robinson, S. M.},
  title = {Strongly Regular Generalized Equations},
  journal = {Mathematics of Operations Research},
  volume = {5},
  number = {1},
  pages = {43--62},
  year = {1980}
}

@book{rockafellar1970,
  author = {Rockafellar, R. T.},
  title = {Convex Analysis},
  year = {1970},
  publisher = {Princeton University Press}
}

@article{nagurney1996,
  author = {Nagurney, A. and Zhang, D.},
  title = {Projected Dynamical Systems and Variational Inequalities with Applications},
  journal = {International Series in Operations Research and Management Science},
  volume = {2},
  publisher = {Kluwer Academic Publishers},
  year = {1996}
}

@book{clarke1983,
  author = {Clarke, F. H.},
  title = {Optimization and Nonsmooth Analysis},
  year = {1983},
  publisher = {Wiley}
}

@online{extended_version,
  author = {Ebrahimi, K. and Elia, N. and Vaidya, U.},
  title = {Distributed Robust Optimization via Continuous-Time Dynamics - Supplementary Material},
  note = {arXiv URL will be provided in the final submission}
}

@article{simpson2016,
  author = {Simpson-Porco, J. W.},
  title = {Input/Output Analysis of Primal-Dual Gradient Algorithms},
  journal = {54th Annual Allerton Conference, Allerton House, UIUC, Illinois, USA},
  year = {2016}
}

@article{kosaraju2018,
  author = {Kosaraju, K. C. and Chinde, V. and Pasumarthy, R. and Kelkar, A. and Singh, N. M.},
  title = {Stability Analysis of Constrained Optimization Dynamics via Passivity Techniques},
  journal = {IEEE Control Systems Letters},
  volume = {2},
  number = {1},
  pages = {91--96},
  year = {2018}
}

@article{rostampour2021,
  author = {Rostampour, V. and Keviczky, T.},
  title = {Distributed Computational Framework for Large-Scale Stochastic Convex Optimization},
  journal = {Energies},
  volume = {14},
  number = {1},
  year = {2021}
}

@article{bertsimas2016,
  author = {Bertsimas, D. and Dunning, I. and Lubin, M.},
  title = {Reformulation versus Cutting-Planes for Robust Optimization},
  journal = {Computational Management Science},
  volume = {13},
  number = {2},
  pages = {195--217},
  year = {2016}
}

@article{he2022,
  author = {He, Zhenhua and Bolognani, S. and He, J. and Dörfler, F. and Guan, X.},
  title = {Model-Free Nonlinear Feedback Optimization},
  journal = {arXiv preprint arXiv:2201.02395},
  year = {2022}
}

@article{chen2022,
  author = {Chen, X. and Poveda, J. and Li, N.},
  title = {Model-Free Feedback Constrained Optimization Via Projected Primal-Dual Zeroth-Order Dynamics},
  journal = {arXiv preprint arXiv:2206.11123},
  year = {2022}
}

@article{menickelly2020,
  author = {Menickelly, M. and Wild, S.},
  title = {Derivative-Free Robust Optimization by Outer Approximations},
  journal = {Mathematical Programming},
  volume = {179},
  pages = {157--193},
  year = {2020}
}

@article{yazdani2023,
  author = {Yazdani, D. and Omidvar, M. and Yazdani, D. and Branke, J. and Nguyen, T. and Gandomi, A. and Jin, Y. and Yao, X.},
  title = {Robust Optimization Over Time: A Critical Review},
  journal = {IEEE Transactions on Evolutionary Computation},
  year = {2023}
}

@article{rafique2022,
  author = {Rafique, H. and Liu, M. and Lin, Q. and Yang, T.},
  title = {Weakly-Convex Concave Min-Max Optimization: Provable Algorithms and Applications in Machine Learning},
  journal = {Optimization Methods and Software},
  volume = {37},
  year = {2022}
}

@mastersthesis{zhang2021,
  author = {Zhang, G.},
  title = {Understanding Minimax Optimization in Modern Machine Learning},
  school = {University of Waterloo},
  year = {2021}
}

@book{farahani2009,
  title = {Dynamic Facility Location Problem},
  author = {Farahani, R.Z. and Abedian, M. and Sharahi, S.},
  year = {2009},
  publisher = {Contributions to Management Science. Physica}
}

@article{madry2018adversarial,
  title = {Towards Deep Learning Models Resistant to Adversarial Attacks},
  author = {Madry, A. and Makelov, A. and Schmidt, L. and Tsipras, D. and Vladu, A.},
  journal = {International Conference on Learning Representations (ICLR)},
  year = {2018}
}

@article{hazan2020online,
  title = {Introduction to Online Convex Optimization},
  author = {Hazan, E.},
  journal = {Foundations and Trends in Optimization},
  volume = {2},
  number = {3-4},
  pages = {157--325},
  year = {2020}
}